@online{mgpredict,
	author = {Alexandru Csete},
	title = {Gpredict User Manual},
	urldate = "2019-06-30", 
	url = {https://www.google.com/url?sa=t&rct=j&q=&esrc=s&source=web&cd=&ved=2ahUKEwi62aXNlY7qAhUlGLkGHYohBuMQFjADegQIAxAB&url=https\%3A\%2F\%2Fgithub.com\%2Fcsete\%2Fgpredict\%2Freleases\%2Fdownload\%2Fv2.2\%2Fgpredict-user-manual-2.2.pdf&usg=AOvVaw3NhB1bo3tV_opYXZ1X8szh},
}

@online{stellman,
	author = {Georg Zotti and Alexander Wolf},
	title = {Stellarium 0.20.4 User Guide},
	urldate = "2019-06-30",
	url = {https://github.com/Stellarium/stellarium/releases/download/v0.20.4/stellarium_user_guide-0.20.4-1.pdf},	
}


@online{platformio,
	title = {Documentación de platformIO},
	url = {https://docs.platformio.org/en/latest/what-is-platformio.html},
}

@online{arduno,
title = {{Documentación de arduno UNO}}, 
url = {
https://store.arduino.cc/usa/arduino-uno-rev3},

}

