% Encoding: UTF-8
@Book{Tanenbaum2003,
  author    = {Tanenbaum, A.S.},
  publisher = {Editorial Alhambra S. A. (SP)},
  title     = {Redes de computadoras},
  year      = {2003},
  isbn      = {9789702601623},
}

@Book{Stallings2004,
  author    = {Stallings, W. and Verdejo, J.E.D. and Velarde, R.V.R. and Barrientos, J.L.},
  publisher = {Pearson Educaci{\'o}n},
  title     = {Comunicaciones y redes de computadores},
  year      = {2004},
  isbn      = {9788420541105},
  series    = {Fuera de colecci{\'o}n Out of series},
}

@Book{Baume2014,
  author    = {Gustavo Baume},
  publisher = {Editorial de la Universidad Nacional de La Plata ({EDULP})},
  title     = {La esfera celeste},
  year      = {2014},
  doi       = {10.35537/10915/41785},
}

@Book{Torres2013,
  author    = {J. Eduardo Mendoza Torres},
  publisher = {INAOE},
  title     = {Elementos de astronomía observacional:la esfera celeste},
  year      = {2013},
}

@Article{Miranda2018,
  author    = {Carlos A. Miranda and Paola L. Schlesinger and Alberto D. Valdez and Juan A. Chiozza and Carlos V. Miranda},
  journal   = {Extensionismo, Innovación y Transferencia tecnológica},
  title     = {Procedimiento para el apuntamiento de una antena terrestre, a un satélite geoestacionario BSS (broadcast sattelite service)},
  year      = {2018},
  month     = {may},
  pages     = {294},
  volume    = {4},
  doi       = {10.30972/eitt.402895},
  publisher = {Universidad Nacional del Nordeste},
}

@PhdThesis{HernandezCruz1991,
  author = {Hernandez Cruz,Alejandro Sustentante},
  school = {UNAM},
  title  = {Diseno e implementacion de un sistema de rastreo y posicionamiento de una antena de reflector parabolico para comunicaciones con satelites geoestacionarios y orbitales},
  year   = {1991},
  url    = {http://132.248.9.195/pmig2016/0162663/Index.html},
}

@Comment{jabref-meta: databaseType:bibtex;}
